@book{fowler2018refactoring,
  title={Refactoring},
  author={Fowler, Martin},
  year={2018},
  publisher={Addison-Wesley Professional}
}

@book{beck2022test,
  title={Test driven development: By example},
  author={Beck, Kent},
  year={2022},
  publisher={Addison-Wesley Professional}
}

@misc{gudwin2010componentes,
  title={Componentes, Frameworks e Design Patterns},
  author={Gudwin, Ricardo R},
  year={2010},
  publisher={UNICAMP}
}

@book{bartie2002garantia,
  title={Garantia da qualidade de software},
  author={Barti{\'e}, Alexandre},
  year={2002},
  publisher={Gulf Professional Publishing}
}

@article{mattosdomain,
  title={DOMAIN-DRIVEN DESIGN E TEST-DRIVEN DEVELOPMENT},
  author={Mattos, Karla Marturelli and Doll, Luciano Mathias and Almeida, Jo{\~a}o},
  year={2010},
}

@phdthesis{cagnin2005parfait,
  title={PARFAIT: uma contribui{\c{c}}{\~a}o para a reengenharia de software baseada em linguagens de padr{\~o}es e frameworks},
  author={Cagnin, Maria Istela},
  year={2005},
  school={Universidade de S{\~a}o Paulo}
}

@article{chikofsky1990reverse,
  title={Reverse engineering and design recovery: A taxonomy},
  author={Chikofsky, Elliot J. and Cross, James H},
  journal={IEEE software},
  volume={7},
  number={1},
  pages={13--17},
  year={1990},
  publisher={IEEE}
}

@book{eilam2011reversing,
  title={Reversing: secrets of reverse engineering},
  author={Eilam, Eldad},
  year={2011},
  publisher={John Wiley \& Sons}
}

@article{sneed1995planning,
  title={Planning the reengineering of legacy systems},
  author={Sneed, Harry M.},
  journal={IEEE software},
  volume={12},
  number={1},
  pages={24--34},
  year={1995},
  publisher={IEEE}
}

@article{rosenberg1996software,
  title={Software re-engineering},
  author={Rosenberg, Linda H and Hyatt, Lawrence E},
  journal={Software Assurance Technology Center},
  pages={2--3},
  year={1996},
  publisher={Citeseer}
}

@book{birchall2016re,
  title={Re-engineering legacy software},
  author={Birchall, Chris},
  year={2016},
  publisher={Simon and Schuster}
}

@book{vernon2013implementing,
  title={Implementing domain-driven design},
  author={Vernon, Vaughn},
  year={2013},
  publisher={Addison-Wesley}
}

@article{martin2000design,
  title={Design principles and design patterns},
  author={Martin, Robert C},
  journal={Object Mentor},
  volume={1},
  number={34},
  pages={597},
  year={2000}
}

@book{vernon2016domain,
  title={Domain-driven design distilled},
  author={Vernon, Vaughn},
  year={2016},
  publisher={Addison-Wesley Professional}
}

@online{GitHub,
  author = {GitHub},
  title = {GitHub},
  year = 2023,
  url = {https://github.com/},
  urldate = {2023-10-19}
}

@book{larman2012applying,
  title={Applying UML and patterns: an introduction to object oriented analysis and design and interative development},
  author={Larman, Craig},
  year={2012},
  publisher={Pearson Education India}
}

@online{MiaAjuda,
  author = {MiaAjuda},
  title = {Mia Ajuda},
  year = 2020,
  url = {https://miaajuda.netlify.app/},
  urldate = {2023-09-28}
}

@online{FGV,
  author = {FGV},
  title = {FGV},
  year = 2023,
  url = {https://portal.fgv.br/noticias/uso-ti-brasil-pais-tem-mais-dois-dispositivos-digitais-habitante-revela-pesquisa},
  urldate = {2023-10-15}
}

@online{DevCommunity,
  author = {DEV},
  title = {DEV},
  year = 2023,
  url = {https://dev.to/womakerscode/o-que-e-tdd-4b5f},
  urldate = {2023-10-15}
}

@online{StorySlicing,
  author = {Visual Paradigm},
  title = {User Story Splitting - Vertical Slice vs Horizontal Slice},
  year = 2024,
  url = {https://www.visual-paradigm.com/scrum/user-story-splitting-vertical-slice-vs-horizontal-slice/},
  urldate = {2024-05-20}
}

@online{AluraFirebase,
  author = {Ribeiro, Andre},
  title = {O que é Firebase? Para que serve, principais característica e um Guia dessa ferramenta Google},
  year = 2023,
  url = {https://www.alura.com.br/artigos/firebase},
  urldate = {2023-10-31}
}

@online{RocketseatFirebase,
  author = {Orlandi, Claudio},
  title = {Firebase: serviços, vantagens, quando utilizar e integrações},
  year = 2018,
  url = {https://blog.rocketseat.com.br/firebase},
  urldate = {2023-10-31}
}

@online{MongoDB,
  author = {MongoDB},
  title = {Why Use MongoDB and When to Use It?},
  year = 2023,
  url = {https://www.mongodb.com/pt-br/why-use-mongodb},
  urldate = {2023-10-31}
}

@online{SonarQube,
  author = {SonarQube},
  title = {SonarQube},
  year = 2023,
  url = {https://docs.sonarqube.org/latest},
  urldate = {2023-10-31}
}

@online{Kinsta,
  author = {Kinsta},
  title = {Kinsta},
  year = 2023,
  url = {https://kinsta.com/pt/blog/aplicativos-node-js/},
  urldate = {2023-10-31}
}

@article{carvalho2012aplicaccao,
  title={Aplica{\c{c}}{\~a}o do m{\'e}todo {\'a}gil scrum no desenvolvimento de produtos de software em uma pequena empresa de base tecnol{\'o}gica},
  author={Carvalho, Bernardo Vasconcelos de and Mello, Carlos Henrique Pereira},
  journal={Gest{\~a}o \& Produ{\c{c}}{\~a}o},
  volume={19},
  pages={557--573},
  year={2012},
  publisher={SciELO Brasil}
}

@article{furtado2008avaliaccao,
  title={Avalia{\c{c}}{\~a}o de resultados e impactos da pesquisa e desenvolvimento: avan{\c{c}}os e desafios metodol{\'o}gicos a partir de estudo de caso},
  author={Furtado, Andr{\'e} Tosi and Bin, Adriana and Bonacelli, Maria Beatriz Machado and Paulino, S{\^o}nia Regina and Miglino, Maria Augusta and Castro, Paula Fel{\'\i}cio Drummond de},
  journal={Gest{\~a}o \& Produ{\c{c}}{\~a}o},
  volume={15},
  pages={381--392},
  year={2008},
  publisher={SciELO Brasil}
}

@book{da2002apostila,
  title={Apostila de metodologia da pesquisa cient{\'\i}fica},
  author={da Fonseca, Jo{\~a}o Jos{\'e} Saraiva},
  year={2002},
  publisher={Jo{\~a}o Jos{\'e} Saraiva da Fonseca}
}

@article{krafta2007metodo,
  title={O m{\'e}todo da pesquisa-a{\c{c}}{\~a}o: um estudo em uma empresa de coleta e an{\'a}lise de dados},
  author={KRAFTA, Lina and FREITAS, Henrique and MARTENS, Cristina Dai Pr{\'a} and ANDRES, Rafael},
  journal={Revista Quanti \& Quali},
  year={2007}
}

@book{sutherland2014scrum,
  title={SCRUM: A arte de fazer o dobro de trabalho na metade do tempo},
  author={Sutherland, Jeff},
  year={2014},
  publisher={Leya}
}

@misc{thiollent1988metodologia,
  title={Metodologia da Pesquisa-a{\c{c}} ao},
  author={Thiollent, Michel},
  year={1988},
  publisher={Cortez, Sao Paulo}
}

@inproceedings{ahmad2013kanban,
  title={Kanban in software development: A systematic literature review},
  author={Ahmad, Muhammad Ovais and Markkula, Jouni and Oivo, Markku},
  booktitle={2013 39th Euromicro conference on software engineering and advanced applications},
  pages={9--16},
  year={2013},
  organization={IEEE}
}

@article{prasanna2021poc,
  title={PoC design: a methodology for proof-of-concept (PoC) development on internet of things connected dynamic environments},
  author={Prasanna, K and Ramana, Kadiyala and Dhiman, Gaurav and Kautish, Sandeep and Chakravarthy, V Deeban},
  journal={Security and Communication Networks},
  volume={2021},
  pages={1--12},
  year={2021},
  publisher={Hindawi Limited}
}

@article{freitas2022flutter,
  title={Flutter e react native: uma an{\'a}lise comparativa entre dois frameworks de desenvolvimento mobile multiplataforma},
  author={Freitas, Breno Coll de},
  year={2022},
  publisher={Universidade Federal do Rio de Janeiro}
}

@inproceedings{santos2015definiccao,
  title={Defini{\c{c}}{\~a}o e Aplica{\c{c}}{\~a}o de um Processo de Testes {\'A}geis: um Relato de Experi{\^e}ncia},
  author={Santos, Ismayle S and Franco, Wellington and Sab{\'o}ia, Bruno and Andrade, Rossana MC},
  booktitle={Anais do XIV Simp{\'o}sio Brasileiro de Qualidade de Software},
  pages={228--235},
  year={2015},
  organization={SBC}
}

@article{melo2023ux,
  title={UX. br: um modelo de maturidade de experi{\^e}ncia de usu{\'a}rio para aplica{\c{c}}{\~o}es governamentais},
  author={Melo, Diogo Nazareno Almeida de},
  year={2023}
}

@article{dicio2020online,
  title={online de Portugu{\^e}s},
  author={DICIO, Dicion{\'a}rio},
  journal={Barreira, facilitador e motiva{\c{c}}{\~a}o. Dispon{\'\i}vel em:< https://www. dicio. com. br>. Acesso em},
  volume={21},
  year={2020}
}

@book{gil2002elaborar,
  title={Como elaborar projetos de pesquisa},
  author={Gil, Antonio Carlos and others},
  volume={4},
  year={2002},
  publisher={Atlas S{\~a}o Paulo}
}

@article{turilli2016designing,
  title={Designing workflow systems using building blocks},
  author={Turilli, Matteo and Merzky, Andre and Balasubramanian, Vivek and Maldonado, Manuel and Jha, Shantenu},
  journal={arXiv preprint arXiv:1609.03484},
  year={2016}
}

@book{gerhardt2009metodos,
  title={M{\'e}todos de pesquisa},
  author={Gerhardt, Tatiana Engel and Silveira, Denise Tolfo},
  year={2009},
  publisher={Plageder}
}

@misc{robert2019clean,
  title={Clean Architecture: A Craftsman's Guide to Software Structure and Design (Robert C. Martin Series)},
  author={Martin, Robert C},
  year={2019},
  publisher={Prentice Hall}
}

@article{pereira2023arquitetura,
  title={Arquitetura de software: um estudo orientado ao desenvolvimento de aplicativos m{\'o}veis h{\'\i}bridos},
  author={Pereira, Gabriel Davi Silva and Souza, Danillo Gon{\c{c}}alves de},
  year={2023}
}

@article{silva2023microfrontends,
  title={Microfrontends e Arquitetura Limpa: Um Estudo Explorat{\'o}rio Orientado a Provas de Conceito},
  author={Silva, Paulo Victor da},
  year={2023}
}

@article{santosetal,
  title={A Evolução da Tecnologia: Vivendo uma Nova Era},
  author={Santos et al.},
  year={2019},
  publisher={XI EPCC - Encontro Internacional de Produção Científica}
}

@article{coutinho2014era,
  title={A Era dos Smartphones: Um estudo Explorat{\'o}rio sobre o uso dos Smartphones no Brasil},
  author={Coutinho, Gustavo Leuzinger},
  year={2014}
}

@book{martin2013clean,
  title={Clean Code-Refactoring, Patterns, Testen und Techniken f{\"u}r sauberen Code: Deutsche Ausgabe},
  author={Martin, Robert C},
  year={2013},
  publisher={MITP-Verlags GmbH \& Co. KG}
}

@manual{inmetro2003,
	Author = {INMETRO},
	Title = {Vocabulário internacional de termos fundamentais e gerais de
	metrologia},
	Year = {2013},
	Address = {Rio de Janeiro, Brasil},
	Pages = {75},
	isbn = {85-87090-90-9},
}

@inproceedings{soviero1997,
	Author = {P. A. O. Soviero and L. G. M. Lavagna},
	Title = {A Numerical Model for Thin Airfoils in Unsteady Motion},
	Year = {1997},
	Pages = {332-340},
	Volume = {19},
	Number = {3},
	Booktitle = {Journal of the Brazilian Societyt Mechanical Sciences},	
}

@inproceedings{sparrow1980,
	Author = {E. M. Sparrow},
	Title = {Forced Convection Heat Transfer in a Duct Having Spanwise-Periodic
	Rectangular Protuberances},
	Year = {1980},
	Pages = {149-167},
	Volume = {3},
	Booktitle = {Numerical Heat Transfer},
}

@article{clark1986,
	Author = {J. A. Clark},
	Title = {Private Communication},
	Year = {1986},
	Address = {University of Michigan},
}

@article{arruda2007,
	Author = {M. B. B. Arruda},
	Title = {Como fazer referências: bibliográficas, eletrônicas e demais
	formas de documentos},
	Year = {2007},
	Url = {http://bu.ufsc.br/framerefer.html}
}

@article{coimbra1978,
	Author = {A. L. Coimbra},
	Title = {Lessons of Continuum Mechanics},
	Year = {1978},
	Address = {São Paulo, Brazil},
	Pages = {428},
	Editor = {Edgard Blücher},
}

@inproceedings{bordalo1989,
	Author = {S. N. Bordalo and J. H. Ferziger and S. J. Kline},
	Title = {The Development of Zonal Models for Turbulence},
	Year = {1989},
	Pages = {41-44},
	Booktitle = {Proceedings of the 10th Brazilian Congress of Mechanical
	Engineering}, 
	Volume = {1},	
}

@manual{NBR14724:2011,
	Address = {Rio de Janeiro},
	Date-Added = {2012-12-15 20:34:08 +0000},
	Date-Modified = {2012-12-15 20:35:25 +0000},
	Month = mar,
	Org-Short = {ABNT},
	Organization = {Associa{\c c}\~ao Brasileira de Normas T\'ecnicas},
	Pages = 15,
	Subtitle = {Informa{\c c}\~ao e documenta{\c c}\~ao --- trabalhos acad\^emicos --- apresenta{\c c}\~ao},
	Title = {{NBR} 14724},
	Year = 2011
}

@manual{NBR6034:2000,
	Address = {Rio de Janeiro},
	Org-Short = {ABNT},
	Organization = {Associa{\c c}\~ao Brasileira de Normas T\'ecnicas},
	Subtitle = {Informa{\c c}\~ao e documenta{\c c}\~ao --- Referências},
	Title = {{NBR} 14724},
	Year = 2000
}

@book{Sommerville2007,
author = {Sommerville, Ian},
title = {Software Engineering},
year = {2007},
isbn = {978-0-321-31379-9, 0-321-31379-8},
edition = {9th},
publisher = {Addison-Wesley Publishing Company},
address = {USA},
}


