@article{Bonilla2023,
  author    = {Gabriel Bonilla-Zorita and Mark D. Griffiths and Daria J. Kuss},
  title     = {Dating app use and wellbeing: An application-based pilot study employing ecological momentary assessment},
  journal   = {International Journal of Environmental Research and Public Health},
  volume    = {20},
  number    = {9},
  pages     = {5631},
  year      = {2023},
  doi       = {10.3390/ijerph20095631},
  url       = {https://www.mdpi.com/1660-4601/20/9/5631}
}

@article{Finkel2012,
  author    = {Eli J. Finkel and Paul W. Eastwick and Harry T. Reis},
  title     = {Online dating: A critical analysis from the perspective of psychological science},
  journal   = {Psychological Science in the Public Interest},
  volume    = {13},
  number    = {1},
  pages     = {3-66},
  year      = {2012},
  doi       = {10.1177/1529100612436522},
  url       = {https://journals.sagepub.com/doi/10.1177/1529100612436522}
}

@article{Saban2024,
  author    = {Daniela Saban and Yash Kanoria},
  title     = {Algorithmic design in dating apps},
  journal   = {Stanford Graduate School of Business},
  year      = {2024},
  url       = {https://www.gsb.stanford.edu/experience/about/news-reports/cupids-code-tweaking-algorithm-can-alter-course-finding-love-online}
}

@article{Sharabi2022,
  author    = {Liesel L. Sharabi},
  title     = {The ethics of AI in matchmaking},
  journal   = {MIT Press Journal},
  year      = {2022},
  url       = {https://hdsr.mitpress.mit.edu/pub/6acxz2re/release/4}
}
/////
@article{Granovetter1973,
  author    = {Mark Granovetter},
  title     = {The Strength of Weak Ties},
  journal   = {American Journal of Sociology},
  volume    = {78},
  pages     = {1360--1380},
  year      = {1973},
  url       = {https://www.jstor.org/stable/2776392},
  doi       = {10.1086/225469}
}

@article{Cohen2004,
  author    = {Sheldon Cohen and Thomas Ashby Wills},
  title     = {Stress, social support, and the buffering hypothesis},
  journal   = {Psychological Bulletin},
  volume    = {98},
  number    = {2},
  pages     = {310--357},
  year      = {2004},
  url       = {https://doi.apa.org/doi/10.1037/0033-2909.98.2.310},
  doi       = {10.1037/0033-2909.98.2.310}
}

@article{Christakis2007,
  author    = {Nicholas A. Christakis and James H. Fowler},
  title     = {The Spread of Obesity in a Large Social Network over 32 Years},
  journal   = {New England Journal of Medicine},
  volume    = {357},
  pages     = {370--379},
  year      = {2007},
  url       = {https://www.nejm.org/doi/full/10.1056/NEJMsa066082},
  doi       = {10.1056/NEJMsa066082}
}

@article{DatingAdvice2024,
  author    = {DatingAdvice},
  title     = {Hinge vs. Bumble: Review \& 100\% Free Alternatives (2024)},
  journal   = {DatingAdvice.com},
  year      = {2024},
  url       = {https://www.datingadvice.com/online-dating/hinge-vs-bumble},
}

@article{DatingApps2024,
  author    = {DatingApps},
  title     = {Bumble vs Tinder 2024 | The Truth of How They Matchup},
  journal   = {DatingApps.com},
  year      = {2024},
  url       = {https://www.datingapps.com/bumble-vs-tinder},
}
//interesses em comum
@book{Berscheid1998,
  author = {Ellen Berscheid and Harry T. Reis},
  title = {Interpersonal attraction and close relationships},
  booktitle = {Handbook of Social Psychology},
  volume = {2},
  pages = {193--281},
  year = {1998},
  publisher = {Random House},
  address = {New York}
}

@article{Montoya2008,
  author = {Matthew R. Montoya and Robert S. Horton and Jeffrey Kirchner},
  title = {Is actual similarity necessary for attraction? A meta-analysis of actual and perceived similarity},
  journal = {Journal of Social and Personal Relationships},
  volume = {25},
  number = {6},
  pages = {889--922},
  year = {2008},
  doi = {10.1177/0265407508096700}
}

@article{Newcomb1961,
  author = {Theodore M. Newcomb},
  title = {The acquaintance process},
  year = {1961},
  publisher = {Holt, Rinehart & Winston},
  address = {New York}
}

@article{Byrne1971,
  author = {Donn Byrne},
  title = {The attraction paradigm},
  year = {1971},
  publisher = {Academic Press},
  address = {New York}
}

@article{Chu2023,
  author = {Charles Chu and Brian Lowery},
  title = {Self-Essentialist Reasoning Underlies the Similarity-Attraction Effect},
  journal = {Journal of Personality and Social Psychology},
  year = {2023},
  url = {https://www.apa.org/pubs/journals/releases/psp-pspi0000425.pdf}
}

@article{Montoya2013,
  author = {Matthew R. Montoya and Robert S. Horton},
  title = {A meta-analytic investigation of the processes underlying the similarity-attraction effect},
  journal = {Journal of Social and Personal Relationships},
  volume = {30},
  number = {1},
  pages = {64--94},
  year = {2013},
  doi = {10.1177/0265407512452989}
}
// Preferencias visuais
@article{ramaker2020impact,
  title={The impact of the halo effect in online dating},
  author={Ramaker, Ashley A.},
  journal={University of Wisconsin-Stout},
  year={2020},
  publisher={MINDS@UW}
}

@article{jones2021attractiveness,
  title={Examining the “attractiveness halo effect” across cultures},
  author={Jones, Benedict C. and Holzleitner, Iris J. and Shiramizu, Veronica},
  journal={Current Psychology},
  year={2021},
  publisher={Springer}
}

@article{mazzella1994effects,
  title={The effects of physical attractiveness, race, socioeconomic status, and gender of defendants and victims on judgments of mock jurors: a meta-analysis},
  author={Mazzella, Rick and Feingold, Alan},
  journal={Journal of Applied Social Psychology},
  volume={24},
  number={15},
  pages={1315--1338},
  year={1994},
  publisher={Wiley Online Library}
}

@article{marcinkowska2014cross,
  title={Cross-cultural variation in men’s preference for sexual dimorphism in women’s faces},
  author={Marcinkowska, Urszula M. and Kozlov, Mikhail V. and Cai, Huajian and Contreras-Garduño, Jorge and Dixson, Barnaby J. and Oana, Gina A. and Onyishi, Ike E.},
  journal={Biology Letters},
  volume={10},
  number={4},
  pages={20130850},
  year={2014},
  publisher={Royal Society Publishing}
}

@article{thornhill2006facial,
  title={Facial sexual dimorphism, developmental stability, and susceptibility to disease in men and women},
  author={Thornhill, Randy and Gangestad, Steven W.},
  journal={Evolution and Human Behavior},
  volume={27},
  number={2},
  pages={131--144},
  year={2006},
  publisher={Elsevier}
}



// TRABALHOS RELACIONADOS

// CAFE

@misc{DesiPilla,
  author = {Desi Pilla},
  title = {Cafe: Predicting Physical Attraction with Deep Learning-Based Systems},
  year = {2024},
  howpublished = {\url{https://github.com/DesiPilla/cafe}},
  note = {Accessed: 2024-08-12}
}
//GRAPHREC
@inproceedings{GraphRecWWW19,
  author    = {Fan, Wenqi and Ma, Yao and Li, Qing and He, Yuan and Zhao, Eric and Tang, Jiliang and Yin, Dawei},
  title     = {Graph Neural Networks for Social Recommendation},
  booktitle = {The World Wide Web Conference},
  series    = {WWW '19},
  year      = {2019},
  pages     = {417--426},
  doi       = {10.1145/3308558.3313488},
  publisher = {Association for Computing Machinery}
}
// INSTAGRAM API & DATASET
@misc{OkCupidProfiles,
  author = {Andrew MVD},
  title = {OkCupid Profiles},
  year = {2024},
  howpublished = {\url{https://www.kaggle.com/datasets/andrewmvd/okcupid-profiles}},
  note = {Accessed: 2024-08-12}
}

@misc{InstagramGraphAPI,
  author = {Facebook Developers},
  title = {Instagram Graph API Documentation},
  year = {2024},
  howpublished = {\url{https://developers.facebook.com/docs/instagram}},
  note = {Accessed: 2024-08-12}
}




@article{Berscheid1998,
  author = {Ellen Berscheid and Pamela C. Regan},
  title = {Attraction and close relationships},
  journal = {The Handbook of Social Psychology},
  volume = {2},
  pages = {193-281},
  year = {1998},
  publisher = {McGraw-Hill},
}

@article{Simonyan2014,
  author = {Karen Simonyan and Andrew Zisserman},
  title = {Very Deep Convolutional Networks for Large-Scale Image Recognition},
  journal = {arXiv preprint arXiv:1409.1556},
  year = {2014},
  url = {https://arxiv.org/abs/1409.1556},
}

@inproceedings{Bach2015,
  author = {Sebastian Bach and Alexander Binder and Grégoire Montavon and Frederick Klauschen and Klaus-Robert Müller and Wojciech Samek},
  title = {On Pixel-Wise Explanations for Non-Linear Classifier Decisions by Layer-Wise Relevance Propagation},
  booktitle = {PLOS ONE},
  year = {2015},
  volume = {10},
  number = {7},
  pages = {1-46},
  url = {https://doi.org/10.1371/journal.pone.0130140},
}

@article{Krizhevsky2012,
  author = {Alex Krizhevsky and Ilya Sutskever and Geoffrey E. Hinton},
  title = {ImageNet Classification with Deep Convolutional Neural Networks},
  journal = {Communications of the ACM},
  year = {2012},
  volume = {60},
  number = {6},
  pages = {84-90},
  url = {https://dl.acm.org/doi/10.1145/3065386},
}

@inproceedings{Fan2019GraphRec,
  author    = {Wenqi Fan and Yao Ma and Qing Li and Yuan He and Eric Zhao and Jiliang Tang and Dawei Yin},
  title     = {Graph Neural Networks for Social Recommendation},
  booktitle = {The World Wide Web Conference},
  series    = {WWW '19},
  year      = {2019},
  pages     = {417–426},
  doi       = {10.1145/3308558.3313488},
  publisher = {Association for Computing Machinery}
}

@article{Walster1966,
  author    = {Elaine Walster and Vera Aronson and Darcy Abrahams and Leon Rottmann},
  title     = {Importance of physical attractiveness in dating behavior},
  journal   = {Journal of Personality and Social Psychology},
  volume    = {4},
  number    = {5},
  pages     = {508--516},
  year      = {1966},
  doi       = {10.1037/h0021188}
}

@article{Vaswani2017,
  author    = {Vaswani, Ashish and Shazeer, Noam and Parmar, Niki and Uszkoreit, Jakob and Jones, Llion and Gomez, Aidan N. and Kaiser, Lukasz and Polosukhin, Illia},
  title     = {Attention Is All You Need},
  journal   = {Advances in Neural Information Processing Systems},
  volume    = {30},
  year      = {2017},
  pages     = {5998--6008},
  url       = {https://papers.nips.cc/paper/2017/hash/3f5ee243547dee91fbd053c1c4a845aa-Abstract.html}
}